@online{
  ts-wnfs-ratchet,
  author       = {Philipp Krüger and Brooklyn Zelenka},
  organization = {Fission Codes},
  title        = {WebNative Spiral Ratchet},
  year         = {2021},
  url          = {https://github.com/fission-suite/webnative/blob/e1eed4e750c668a6f54d9be701dc17e286b9eff4/src/fs/data/private/spiralratchet.ts},
  keywords     = {fission,ratchet,typescript,wnfs}
}

@online{
  go-wnfs-ratchet,
  author       = {Brendan O'Brien},
  organization = {Qri},
  title        = {go-wnfs Spiral Ratchet},
  year         = {2021},
  url          = {https://github.com/qri-io/wnfs-go/blob/62915924c866f7106aecacccd14e57bd1b62850f/private/ratchet/ratchet.go},
  keywords     = {qri,ratchet,golang,wnfs}
}

@online{
  pond,
  author       = {Adam Langley},
  title        = {Pond README},
  year         = {2012},
  url          = {https://github.com/agl/pond/commit/7bb06244b9aa121d367a6d556867992d1481f0c8}
}

@online {
  double-ratchet,
  title        = {The Double Ratchet Algorithm},
  author       = {Trevor Perrin and Moxie Marlinspike},
  organization = {Signal Foundation},
  version      = {Revision 1, 2016-11-20},
  year         = {2016},
  month        = {11},
  url          = {https://signal.org/docs/specifications/doubleratchet/doubleratchet.pdf}
}

@inbook{
  tapl-church-numerals,
  author    = {Benjamin C. Pierce},
  title     = {Types and Programming Languages},
  isbn      = {978-0-262-16209-8},
  publisher = {The MIT Press},
  year      = {2002},
  chapter   = {5.2},
  pages     = {60},
  keywords  = {pierce,tapl,church}
}

@online{
  peano-wikipedia,
  title        = {Peano axioms §Arithmatic},
  organization = {Wikipedia},
  url          = {https://en.wikipedia.org/wiki/Peano_axioms#Arithmetic},
  addendum     = "(accessed: 2021-12-26)"
}

@misc{
  rfc1760,
  series       = {Request for Comments},
  number       = 1760,
  howpublished = {RFC 1760},
  publisher    = {RFC Editor},
  doi          = {10.17487/RFC1760},
  url          = {https://rfc-editor.org/rfc/rfc1760.txt},
  author       = {Neil M. Haller},
  title        = {The S/KEY One-Time Password System},
  pagetotal    = 12,
  year         = 1995,
  month        = 2
}

@inbook{
  deterministic-skip-lists,
  title     = {Deterministic Skip Lists},
  booktitle = {Proceedings of the third annual ACM-SIAM symposium on Discrete algorithms},
  publisher = {Society for Industrial and Applied Mathematics},
  author    = {J. Ian Munro and Thomas Papadakis and Robert Sedgewick},
  url       = {https://www.ic.unicamp.br/~celio/peer2peer/skip-net-graph/deterministic-skip-lists-munro.pdf},
  year      = {1992},
  pages     = {367–375},
  addendum  = "(accessed: 2021-12-26)"
}

@misc{
  skipnet,
  title        = {SkipNet: A Scalable Overlay Network with Practical Locality Properties},
  author       = {Nicholas J.A. Harvey et al.},
  series       = {Microsoft Research Techincal Report},
  number       = {MSR-TR-2002-92},
  year         = {2002},
  url          = {https://www.ic.unicamp.br/~celio/peer2peer/skip-net-graph/skipnet-tr-2002-92.pdf},
  addendum     = "(accessed: 2021-12-26)"
}

@online{
  double-ratchet-modularization,
  title        = {The Double Ratchet: Security Notions, Proofs, and
  Modularization for the Signal Protocol},
  author       = {Joël Alwen and Sandro Coretti and Yevgeniy Dodis},
  year         = {2020},
  month        = {2},
  url          = {https://eprint.iacr.org/2018/1037.pdf}
}

@online{
  ethereum-yellowpaper,
  title        = {Ethereum: A Secure Decentralized Generalized Transaction Ledger},
  version      = {Berlin (fabef25)},
  author       = {Gavin Wood},
  organization = {Ethereum Foundation},
  year         = {2021},
  month        = {12},
  url          = {https://ethereum.github.io/yellowpaper/paper.pdf},
  addendum     = "(accessed: 2022-01-03)"
}

@online{
  distributed-hash-calendar,
  title        = {Keyless Signatures’ Infrastructure:	How to Build Global Distributed Hash-Trees},
  author       = {Ahto Buldas and Andres Kroonmaa and Risto Laanoja},
  publisher    = {GuardTime AS},
  url          = {https://guardtime.com/files/BuKL13.pdf},
  addendum     = "(accessed: 2022-01-03)"
}

@inproceedings{
	merkle-tree,
	author = {Merkle, Ralph C.},
	title = {A Digital Signature Based on a Conventional Encryption Function},
	year = {1987},
	isbn = {3540187960},
	publisher = {Springer-Verlag},
	address = {Berlin, Heidelberg},
	booktitle = {A Conference on the Theory and Applications of Cryptographic Techniques on Advances in Cryptology},
	pages = {369–378},
	numpages = {10},
	series = {CRYPTO '87}
}

@article{
	DBLP:journals/corr/abs-cs-0503060,
	author    = {Quan Son Nguyen},
	title     = {Multi-Dimensional Hash Chains and Application to Micropayment Schemes},
	journal   = {CoRR},
	volume    = {abs/cs/0503060},
	year      = {2005},
	url       = {http://arxiv.org/abs/cs/0503060},
	eprinttype = {arXiv},
	eprint    = {cs/0503060},
	timestamp = {Mon, 13 Aug 2018 16:48:22 +0200},
	biburl    = {https://dblp.org/rec/journals/corr/abs-cs-0503060.bib},
	bibsource = {dblp computer science bibliography, https://dblp.org}
}

@misc{
	decentralized-key-agreement,
	author       = {Matthew Weidner and Martin Kleppmann and Daniel Hugenroth and Alastair R. Beresford},
	title        = {Key Agreement for Decentralized Secure Group Messaging with Strong Security Guarantees},
	howpublished = {Cryptology ePrint Archive, Report 2020/1281},
	year         = {2020},
	note         = {\url{https://ia.cr/2020/1281}},
}